
%********* references file **********

@article{cESV,
author = {Zhiqiang Lin, Xiangyu Zhang, and Dongyan Xu},
title = { "Convicting Exploitable Software Vulnerabilities"},
    journal =   "",
    volume ="",
    number =       "",
    pages =        "",
    year =         "2015",
    DOI ="https://www.utdallas.edu/~zxl111930/file/DSN08.pdf"
           
}		
	


 @misc{introduction,
 author = {Steve christey},
 title  = {Introduction},
 howpublished = "\url{"http://cwe.mitre.org/top25/"}",
 year = {2011} ,
 note = "[online; accessed December 2015]"
	
	}


@misc{discussion,
 author = {Steve christey},
 title  = {Discussion},
 howpublished = "\url{"	
http://cwe.mitre.org/top25/#CWE-89"}",
 year = {2011} ,
 note = "[online; accessed December 2015]"
	
	}	
	
	
	@misc{SQL,
 author = {w3schools},
 title  = {what is SQL},
 howpublished = "\url{"	
http://www.w3schools.com/sql/sql_intro.asp"}",
 year = {2015} ,
 note = "[online; accessed December 2015]"
	
	}
	
	
	
		@misc{SQLInjection,
 author = {w3schools},
 title  = {what is SQL Injection},
 howpublished = "\url{"	
http://www.w3schools.com/sql/sql_injection.asp"}",
 year = {2015} ,
 note = "[online; accessed December 2015]"
	
	}
	
	
@misc{sqllisting2,
 author = {Bryian Tan },
 title  = {SQL Injection adn cross-Site Scripting},
 howpublished = "\url{"	
http://www.codeproject.com/Articles/102284/SQL-Injection-and-Cross-Site-Scripting"}",
 year = { 29 Dec 2010} ,
 note = "[online; accessed December 2015]"
	
	}
	
	

		
		
		

	
	
	@book{latexcompanion,
    author    = " Mittelbach and Alexander Samarin",
    title     = "The \LaTeX\ Companion",
    year      = "1993",
    publisher = "Addison-Wesley",
    address   = "Reading, Massachusetts"
}
	

	

		


		
		
	
	